@article{beck99,
    Abstract = {Extreme Programming turns the conventional software process
        sideways. Rather than planning, analyzing, and designing for the
            far-flung future, XP programmers do all of these activities-a
            little at a time-throughout development.},
    Author = {Beck, K},
    ISSN = {00189162},
    Journal = {COMPUTER},
    Keywords = {COMPUTER SCIENCE, HARDWARE & ARCHITECTURE, COMPUTER SCIENCE,
        SOFTWARE ENGINEERING},
    Number = {10},
    Pages = {70 - +},
    Title = {Embracing change with extreme programming.},
    Volume = {32},
    URL =
    {http://ep.bib.mdh.se/login?url=http://search.ebscohost.com/login.aspx?direct=true&db=edswsc&AN=000082956300023&site=eds-live},
    Year = {1999},
}

@article{rising00,
    Abstract = {The authors discuss their experience implementing the Serum
        software development process-they found that small teams can he
            adaptable in defining and applying an appropriate variant of
            Scrum.},
    Author = {Rising, L and Janoff, NS},
    ISSN = {07407459},
    Journal = {IEEE SOFTWARE},
    Keywords = {COMPUTER SCIENCE, SOFTWARE ENGINEERING},
    Number = {4},
    Pages = {26 - +},
    Title = {The Scrum software development process for small teams.},
    Volume = {17},
    URL =
    {http://ep.bib.mdh.se/login?url=http://search.ebscohost.com/login.aspx?direct=true&db=edswsc&AN=000088246800014&site=eds-live},
    Year = {2000},
}

@Misc{web:agileprinciples,
    author = {Agilemanifesto.org},
    title = {Principles behind the Agile Manifesto},
    url = {http://agilemanifesto.org/principles.html},
    urldate = {2013-05-28},
    howpublished = {http://agilemanifesto.org/principles.html},
}

@Misc{web:agilemanifesto,
    author = {Agilemanifesto.org},
    title = {Manifesto for Agile Software Development},
    url = {http://agilemanifesto.org/},
    urldate = {2013-05-28},
    howpublished = {http://agilemanifesto.org/},
}
