@BOOK{book:Bass2012,
    author = {Bass, Len and Clements, Paul and Kazman, Rick},
    title = {Software Architecture in Practice},
    year = {2012},
    isbn = {0321815734, 9780321815736},
    edition = {3rd},
    publisher = {Addison-Wesley Professional},
}
