@BOOK{book:Bass2012,
    author = {Bass, Len and Clements, Paul and Kazman, Rick},
    title = {Software Architecture in Practice},
    year = {2012},
    isbn = {0321815734, 9780321815736},
    edition = {3rd},
    publisher = {Addison-Wesley Professional},
}

@inproceedings{abrahamsson2003,
    Author = {Abrahamsson, P.},
    Booktitle = {EUROMICRO -CONFERENCE-},
    Pages = {259 - 266},
    Series = {Euromicro conference; new waves in system architecture},
    Title = {Extreme Programming: First Results from a Controlled Case Study.},
    URL = {http://ep.bib.mdh.se/login?url=http://search.ebscohost.com/login.aspx?direct=true&db=edsbl&AN=CN049644577&site=eds-live},
    Year = {2003},
}
